@article{amber,
  author = {Stef Joosten},
  title = {{AMMBR}: {A} {Method} to {Maintain} {Business} {Rules}},
  year = {2007}
}
@misc{hackage,
	title = {{QuickCheck:} {Automatic} testing of {Haskell} programs},
	howpublished = {\url{https://hackage.haskell.org/package/QuickCheck}},
	note = {Accessed: 2015-10-29}
}
@misc{sentinellink,
	title = {{Sentinel} {Automatic} testing of {Ampersand} {System}},
	howpublished = {\url{http://sentinel.tarski.nl/}},
	note = {Accessed: 2015-11-03}
}
@misc{sentinel,
	title = {{Sentinel} {Test} Ref},
	howpublished = {\url{https://ampersandtarski.gitbooks.io/the-tools-we-use-for-ampersand/content/sentinel.html}},
	note = {Accessed: 11-03-2015}
}
@misc{ebnf,
  title = {{Syntactic} metalanguage -- {Extended} {BNF}},
  author = {ISO/IEC 14977:1996},
  year = {2010},
  howpublished = {\url{http://www.iso.org/iso/catalogue_detail?csnumber=26153}}
}