
@article{Parnas1972,
    author = {D.L. Parnas},
    title = {On the Criteria To Ne Used in Decomposing Systems into Modules},
    journal = {Communications of the ACM},
    year = {1972}
}
@article{modStruct,
    author = {D.L. Parnas, P.C. Clements, D.M. Weiss},
    title = {The modular structure of complex systems},
    journal = {Proceeding ICSE '84: Proceedings of the 7th international 
    conference on Software engineering},
    year = {1984}
}
@article{fakeIt,
    author = {D.L. Parnas, P.C. Clements},
    title = {A Rational Design Process: How and Why to Fake It},
    journal = {IEEE Transaction on Software Engineering},
    year = {1986}
}


@article{AMMBR,
  author = {Stef Joosten},
  title = {Deriving {Functional} {Specifications} from {Business} {Requirements} with {Ampersand}},
  journal = {CiteSeer},
  year = {2007},
  url = {http://citeseerx.ist.psu.edu/viewdoc/summary?doi=10.1.1.118.4137},
}


@misc{simple-sql,
    author = {Jake Wheat},
    year = {2014},
    title = {simple-sql-parser},
    howpublished = {\url{https://hackage.haskell.org/package/simple-sql-parser-0.4.1}},
    note = {Accessed: 2016-02-28}
}

@misc{wl-pprint,
    author = {Daan Leijen},
    year = {2014},
    title = {wl-pprint package},
    howpublished = {\url{https://hackage.haskell.org/package/wl-pprint-1.2}},
    note = {Accessed: 2016-02-28}
}

@misc{SP,
    author = {Oracle},
    year = {2014},
    title = {MySQL Reference Manual},
    howpublished = {\url{https://dev.mysql.com/doc/refman/5.7/en/}},
    note = {Accessed: 2016-02-28}
}

