@Article{Parnas1972,
    author = {D.L. Parnas},
    title = {On the Criteria To Ne Used in Decomposing Systems into Modules},
    journal = {Communications of the ACM},
    year = {1972},
}

@Article{modStruct,
    author = {D.L. Parnas, P.C. Clements, D.M. Weiss},
    title = {The modular structure of complex systems},
    journal = {Proceeding ICSE '84: Proceedings of the 7th international 
    conference on Software engineering},
    year = {1984},
}
@Article{fakeIt,
    author = {D.L. Parnas, P.C. Clements},
    title = {A Rational Design Process: How and Why to Fake It},
    journal = {IEEE Transaction on Software Engineering},
    year = {1986},
}

