@book{rwhaskell,
    author = {Bryan O'Sullivan, Don Stewart, and John Goerzen},
    title = {Real World Haskell},
    date = {November 2008},
    publisher = {O'Reilly Media},
    location = {USA},
    isbn = {978-0-596-51498-3},
    pagetotal = {712},
}
@online{hackage,
    title = {hackage},
    date = {2016},
    url = {https://hackage.haskell.org/},
}


