@article{derFun,
  author = {Stef Joosten},
  title = {Deriving Functional Specifications from Business Requirements with Ampersand},
  journal = {CiteSeer},
  year = {2007},
  url = {http://citeseerx.ist.psu.edu/viewdoc/summary?doi=10.1.1.118.4137}
}

@book{RBD,
  author = {Stef Joosten; Lex Wedemeijer; Gerard Michels},
  title = {Rule Based Design},
  publisher = {Open Universiteit Nederland},
  year = {2010},
  month = {December}
}


@misc{xampp,
  title = {XAMPP},
  howpublished = {\url{https://www.apachefriends.org/index.html}},
  note = {Accessed: 2015-10-11}
}